@misc{tikz,
  author = {Siang Lim},
  title = {Control Block Diagram with TikZ},
  year = {2017},
  note = {Last accessed December 8th 2021},
  howpublished = {\url{https://www.overleaf.com/latex/examples/control-block-diagram-with-tikz/jfdcfxhgjmtz}},
}

@book{slidescontroltheory,
	title={Control Theory - Handouts},
	author={Pipeleers G., Swevers J.},
	year={2021},
	publisher={Cursusdienst VTK}
}

@misc{68rule,
	title = {68–95–99.7 rule},
	year = {2021},
	note = {Last accessed December 18th 2021},
	howpublished = {\url{https://en.wikipedia.org/wiki/68-95-99.7_rule}},
}