@book{slidescontroltheory,
	title={Control Theory - Handouts},
	author={Pipeleers G., Swevers J.},
	year={2021},
	publisher={Cursusdienst VTK}
}@misc{Quanser,
  author = {Michel Levis},
  title = {Common and not so common Pendulum Configurations},
  year = {2019},
  note = {Accessed December 17th 2021},
  howpublished = {\url{https://www.quanser.com/blog/common-and-not-so-common-pendulum-configurations/}},
}

@misc{Researchgate,
	author = {Aurelio Arenas},
	title = {The use of a Nintendo Wii remote control in physics experiments},
	year = {2013},
	note = {Accessed December 17th 2021},
	howpublished = {\url{https://www.researchgate.net/publication/258272199_The_use_of_a_Nintendo_Wii_remote_control_in_physics_experiments}},
}
@book{slidestrillingen,
	title={Mechanische trillingen - Slides},
	author={Desmet, W.},
	year={2021},
	publisher={Cursusdienst VTK}
}
@misc{68rule,
	title = {68–95–99.7 rule},
	year = {2021},
	note = {Last accessed December 23rd 2021},
	howpublished = {\url{https://en.wikipedia.org/wiki/68-95-99.7_rule}},
}




